%% This BibTeX bibliography file was created using BibDesk.
%% http://bibdesk.sourceforge.net/


%% Created for Vasco Guerra at 2018-05-15 14:57:22 +0100 


%% Saved with string encoding Unicode (UTF-8) 



@article{Boltzmann1895,
	Author = {L. Boltzmann},
	Date-Added = {2018-05-15 13:56:44 +0000},
	Date-Modified = {2018-05-15 13:57:22 +0000},
	Journal = {Nature},
	Pages = {413},
	Title = {On certain questions in the theory of gases},
	Volume = {51},
	Year = {1895}}

@incollection{Boltzmann1872,
	Author = {L. Boltzmann},
	Booktitle = {Kinetic Theory},
	Date-Added = {2018-05-15 13:53:23 +0000},
	Date-Modified = {2018-05-15 13:53:23 +0000},
	Title = {Further Studies on the Thermal Equilibrium of Gas Molecules},
	Volume = {2},
	Year = {1872}}
